<record><leader>00000cas a22000007a 4500</leader><controlfield tag="001">11385007</controlfield><controlfield tag="008">841114d1840184uncuwn ne      0    0eng  </controlfield><datafield ind1=" " ind2=" " tag="010"><subfield code="a">sn 84020687 </subfield></datafield><datafield ind1=" " ind2=" " tag="040"><subfield code="a">DLC</subfield><subfield code="b">eng</subfield><subfield code="c">DLC</subfield><subfield code="d">NPX</subfield><subfield code="d">NVJ</subfield><subfield code="d">NVF</subfield><subfield code="d">DLC</subfield><subfield code="d">OCL</subfield><subfield code="d">DLC</subfield><subfield code="d">OCLCQ</subfield><subfield code="d">CRL</subfield><subfield code="d">OCLCQ</subfield><subfield code="d">OCLCF</subfield></datafield><datafield ind1="1" ind2=" " tag="029"><subfield code="a">AU@</subfield><subfield code="b">000026222441</subfield></datafield><datafield ind1=" " ind2=" " tag="042"><subfield code="a">msc</subfield></datafield><datafield ind1=" " ind2=" " tag="043"><subfield code="a">n-us-nc</subfield></datafield><datafield ind1="0" ind2="0" tag="050"><subfield code="a">Newspaper</subfield></datafield><datafield ind1=" " ind2=" " tag="090"><subfield code="a">AN</subfield></datafield><datafield ind1="0" ind2="0" tag="245"><subfield code="a">Highland messenger.</subfield></datafield><datafield ind1="3" ind2="0" tag="246"><subfield code="a">Messenger</subfield></datafield><datafield ind1=" " ind2=" " tag="260"><subfield code="a">Asheville, N.C. :</subfield><subfield code="b">J.H. Christy</subfield></datafield><datafield ind1=" " ind2=" " tag="300"><subfield code="a">v. ;</subfield><subfield code="c">55 cm.</subfield></datafield><datafield ind1=" " ind2=" " tag="310"><subfield code="a">Weekly (except at Christmas)</subfield></datafield><datafield ind1="0" ind2=" " tag="362"><subfield code="a">Vol. 1, no. 1 (June 5, 1840)-</subfield></datafield><datafield ind1=" " ind2=" " tag="500"><subfield code="a">Published as: The Messenger, July 22, 1842-Feb. 3, 1843.</subfield></datafield><datafield ind1=" " ind2=" " tag="500"><subfield code="a">Publisher varies.</subfield></datafield><datafield ind1=" " ind2=" " tag="500"><subfield code="a">Whig.</subfield></datafield><datafield ind1=" " ind2=" " tag="515"><subfield code="a">Began numbering with whole numbers from: Vol. 2, no. 1, whole no. 53 (June 25, 1841)-</subfield></datafield><datafield ind1=" " ind2=" " tag="530"><subfield code="a">Available on microfilm from Library of Congress, Photoduplication Service; and North Carolina Dept. of Archives and History, Division of Archives and Manuscripts.</subfield></datafield><datafield ind1=" " ind2=" " tag="588"><subfield code="a">Description based on: Vol. 1, no. 2 (June 13, 1840).</subfield></datafield><datafield ind1=" " ind2=" " tag="588"><subfield code="a">Latest issue consulted: Vol. 8, no. 51 (Aug. 17, 1848).</subfield></datafield><datafield ind1=" " ind2="0" tag="651"><subfield code="a">Asheville (N.C.)</subfield><subfield code="v">Newspapers.</subfield></datafield><datafield ind1=" " ind2="0" tag="651"><subfield code="a">Buncombe County (N.C.)</subfield><subfield code="v">Newspapers.</subfield></datafield><datafield ind1=" " ind2="7" tag="655"><subfield code="a">Newspapers.</subfield><subfield code="2">fast</subfield><subfield code="0">(OCoLC)fst01423814</subfield></datafield><datafield ind1=" " ind2="7" tag="651"><subfield code="a">North Carolina</subfield><subfield code="z">Asheville.</subfield><subfield code="2">fast</subfield><subfield code="0">(OCoLC)fst01205440</subfield></datafield><datafield ind1=" " ind2="7" tag="651"><subfield code="a">North Carolina</subfield><subfield code="z">Buncombe County.</subfield><subfield code="2">fast</subfield><subfield code="0">(OCoLC)fst01206566</subfield></datafield><datafield ind1=" " ind2=" " tag="752"><subfield code="a">United States</subfield><subfield code="b">North Carolina</subfield><subfield code="c">Buncombe</subfield><subfield code="d">Asheville.</subfield></datafield><datafield ind1="0" ind2="0" tag="785"><subfield code="t">Asheville messenger</subfield><subfield code="w">(DLC)sn 92074028</subfield><subfield code="w">(OCoLC)25685465</subfield></datafield></record>